@article{SCh,
author = {Sinchuk, S.},
title = {On centrality of $\mathrm{K}_2$ for {C}hevalley groups of type $\rE_\ell$},
year = {2016},
journal = {J. Pure Appl. Algebra},
volume = {220},
pages = {857--875},
doi = {10.1016/j.jpaa.2015.08.003}}

@article{Lav,
author = {Lavrenov, A.},
title = {Another presentation for symplectic Steinberg groups},
year = {2015},
doi = {10.1016/j.jpaa.2014.12.021},
volume = {219},
issue = {9},
pages = {3755--3780},
journal = {J. Pure Appl. Algebra}}

@online{Lav2,
author = {Lavrenov, A.},
title  = {A local--global principle for symplectic $\Kt$},
journal = {to appear}}

@online{LaRSS,
author = {Lavrenov, A.},
title = {Relative symplectic Steinberg group},
archivePrefix = "arXiv",
eprint = "1412.2421v1",
primaryClass = "math.KT",
year = {2014}}

@article{Pe,
title = {Geometry of root elements in groups of type $\mathrm{E}_6$},
author = {Pevzner, I.},
journal = {St. Petersburg Math. J.},
volume = {23},
pages = {603--635},
year = {2012},
doi = {10.1090/S1061-0022-2012-01210-0}}

@inproceedings{Ta,
author = {G.~Taddei},
title = {Normalit\'e des groupes \'el\'ementaires dans les groupes de Chevalley sur un anneau},
booktitle = {Applications of algebraic $\K$-theory to algebraic geometry and number theory, Part II (Boulder, Colo., 1983)},
series = {Contemp. Math},
year = {1986},
volume = {55},
issue = {2},
pages = {693--710},
url = {http://www.ams.org/books/conm/055.2/862660/conm862660.pdf}}

@online{A,
author = {Allcock, D.},
title = {Steinberg groups as amalgams},
archivePrefix = "arXiv",
eprint = "1307.2689v3",
primaryClass = "math.GR",
year = {2013}}

@article{W,
author = {Wendt, M.}, 
title = {On homotopy invariance for homology of rank two groups},
doi = {10.1016/j.jpaa.2012.03.004},
journal = {J. Pure Appl. Algebra},
year = {2012},
volume = {216},
pages = {2291--2301}}

@article{S,
author = {Stepanov, A.},
title = {Elementary calculus in Chevalley groups over rings},
journal = {J. Prime Research in Math.},
volume = {9},
year = {2013},
pages = {79--95},
url = {http://www.sms.edu.pk/journals/jprm/jprmvol9/08.pdf}}

@article{Va,
author = {Vaserstein, L.},
title = {On normal subgroups of Chevalley groups over commutative rings},
journal = {Tohoku Math. J.},
volume = {38},
issue = {2},
pages = {219--230},
year = {1986},
doi = {10.2748/tmj/1178228489}}

@article{Lod,
author = {Loday, J.-L.},
journal = {J. Algebra},
title = {Cohomologie et groupes de Steinberg relatifs},
year = {1978},
volume = {54},
issue = {1},
doi = {10.1016/0021-8693(78)90025-X},
pages = {178--202}}

@article{A83,
author = {Abe, E.},
title = {Whitehead groups of Chevalley groups over polynomial rings},
journal = {Comm. Algebra},
volume = {11},
number = {12},
pages = {1271-1307},
year = {1983},
doi = {10.1080/00927878308822906}}

@inproceedings{vdK,
title={Another presentation for Steinberg groups},
author={Kallen, W.~van~der},
booktitle={Indag. Math.},
volume={80},
issue={4},
pages={304--312},
year={1977},
doi={10.1016/1385-7258(77)90026-9}}

@article{Keu,
title = {The relativization of $\mathrm{K}_2$},
author  = {Keune, F.},
journal = {J. Algebra},
volume = {54},
issue = {1},
year = {1978},
pages = {159--177},
doi = {10.1016/0021-8693(78)90024-8}}

@article{St1,
title = {Generators, relations and coverings of Chevalley groups over commutative rings},
author = {Stein, M.~R.},
journal = {Amer. J. Math.},
volume = {93},
issue = {4},
year = {1971},
pages = {956--1004},
doi = {10.2307/2373742}}

@article{St2,
title = {Relativizing functors on rings and algebraic $\mathrm{K}$-theory},
author = {Stein, M.~R.},
journal = {J. Algebra},
volume = {19},
issue = {1},
year = {1971},
pages = {140--152},
doi = {10.1016/0021-8693(71)90123-2}}

@article{St73,
author = {Stein, M.~R.},
title = {Surjective stability in dimension 0 for $\mathrm{K}_2$ and related functors},
journal = {Trans. AMS},
volume = {178},
year = {1973},
month = {April},
pages = {165--191},
doi = {10.2307/1996696}}

@article{St78,
title = {Stability theorems for $\mathrm{K}_1$, $\mathrm{K}_2$ and related functors modeled on Chevalley groups},
author = {Stein, M.~R.},
journal = {Japan J. Math.},
volume = {4},
issue = {1},
year = {1978},
pages = {77--108},
doi = {10.4099/math1924.4.77}}

@article{KaS,
title = {On the Schur multipliers of Steinberg and Chevalley groups over commutative rings},
author = {van der Kallen, Wilberd and Stein, Michael R},
journal = {Mathematische Zeitschrift},
year = {1977},
number = {1},
pages = {83--94},
volume = {155},
doi = {10.1007/BF01322610}}


@article{Sus,
author = {Suslin, A.},
title = {On the structure of the special linear group over commutative rings},
journal = {Math. USSR Izv.},
volume = {11},
issue = {2},
pages = {221--238},
year = {1977},
doi = {10.1070/IM1977v011n02ABEH001709}}

@article{Ge,
author = {Gersten, S.~M.},
title = {$\K_3$ of a ring is $\HH_3$ of the Steinberg group},
journal = {Proc. Amer. Math. Soc.},
volume = {37},
issue = {2},
year = {1973},
pages = {366--368},
url = {http://www.ams.org/journals/proc/1973-037-02/S0002-9939-1973-0320114-8/S0002-9939-1973-0320114-8.pdf}}

@article{VP,
year={1996},
journal={Acta Applicandae Mathematica},
volume={45},
issue={1},
doi={10.1007/BF00047884},
title={Chevalley groups over commutative rings: I. Elementary calculations},
author = {Vavilov, N.~A. and Plotkin, E.},
pages={73--113}}

@article{V,
year = {2008},
doi = {10.1090/S1061-0022-08-01008-X},
author = {Vavilov, N.~A.},
volume = {19},
pages = {519--543},
journal = {St. Petersburg Math. J.},
title = {Can one see the signs of the structure constants?}}

@article{Tul,
title = {The Steinberg group of a polynomial ring},
author = {Tulenbaev, M.~S.},
journal = {Math. USSR Sb.},
volume = {45},
year = {1983},
issue = {1},
pages = {131--144},
doi = {10.1070/SM1983v045n01ABEH002591}}

@article{Tul0,
title = {Schur multiplier of a group of elementary matrices of finite order},
author = {Tulenbaev, M.~S.},
journal = {J. Math. Sci.},
year = {1981},
number = {4},
pages = {2062--2067},
volume = {17}}

@article{Sw71,
title = {Excision in Algebraic $\mathrm{K}$-theory},
author = {Swan, R.~G.},
journal = {J. Pure Appl. Algebra},
volume = {1},
issue = {3},
year = {1971},
pages = {221-252},
doi = {10.1016/0022-4049(71)90020-X}}

@inproceedings{Sw70,
title = {Nonabelian homological algebra and $\mathrm{K}$-theory},
author = {Swan, R.~G.},
booktitle = {Applications of Categorical Algebra},
series={Proc. Symp. Pure Math.},
volume = {17},
year = {1970},
pages = {88--123},
url = {http://www.ams.org/books/pspum/017/0257185/pspum0257185.pdf}}

@inbook{Dyn52,
author = {Dynkin, E.~B.},
chapter = {Semisimple subalgebras of semisimple Lie algebras},
booktitle = {Selected Papers of E.B. Dynkin with Commentary},
pages = {175--308},
year = {2000},
publisher = {AMS Int. Press},
url = {http://mi.mathnet.ru/eng/msb5435}}

@article{Ca72,
author = {Carter, R.~W.},
title = {Conjugacy classes in the Weyl group},
journal = {Comp. Math},
volume = {25},
issue = {1},
year = {1972},
pages = {1--59},
url = {http://www.numdam.org/item?id=CM_1972__25_1_1_0}}

@article{Q76,
author = {Quillen, D.},
title = {Projective modules over polynomial rings},
year = {1976},
journal = {Invent. Math},
volume = {36},
issue = {1},
doi = {10.1007/BF01390008},
pages = {167--171}}

@Article{V00,
title = {A third look at weight diagrams},
author = {Vavilov, N.~A.},
journal = {Rend. Sem. Mat. Univ. Padova},
year = {2000},
pages = {201--250},
volume = {104},
Url = {http://eudml.org/doc/108535}}

@book{M71,
title={Introduction to algebraic {K}-theory},
author={Milnor, J.},
year={1971},
pages={184 p.},
publisher={Princeton Univ. Press}}

@Book{Kbook,
title = {The $K$-book: An introduction to algebraic $K$-theory},
author = {Weibel, Charles A},
volume = {145},
year = {2013},
publisher = {Amer. Math. Soc.}}
